@article{mester2013Numerical,
  title = {Numerical Self-Consistent Field Theory of Multicomponent Polymer Blends in the {{Gibbs}} Ensemble},
  author = {Mester, Zoltan and A.~Lynd, Nathaniel and H.~Fredrickson, Glenn},
  year = {2013},
  journal = {Soft Matter},
  volume = {9},
  number = {47},
  pages = {11288--11294},
  publisher = {Royal Society of Chemistry},
  doi = {10.1039/C3SM51893K},
  urldate = {2024-03-01},
  langid = {english}
}

@incollection{panagiotopoulos1995Gibbs,
  title = {Gibbs {{Ensemble Techniques}}},
  booktitle = {Observation, {{Prediction}} and {{Simulation}} of {{Phase Transitions}} in {{Complex Fluids}}},
  author = {Panagiotopoulos, Athanassios Z.},
  editor = {Baus, Marc and Rull, Luis F. and Ryckaert, Jean-Paul},
  year = {1995},
  series = {Nato {{Science Series C}}},
  pages = {463--501},
  publisher = {Springer Netherlands},
  address = {Dordrecht},
  doi = {10.1007/978-94-011-0065-6_11},
  urldate = {2024-03-01},
  isbn = {978-94-011-0065-6},
  langid = {english}
}

@article{schmid1998Selfconsistentfield,
  title = {Self-Consistent-Field Theories for Complex Fluids},
  author = {Schmid, F.},
  year = {1998},
  month = sep,
  journal = {J. Phys.: Condens. Matter},
  volume = {10},
  number = {37},
  pages = {8105},
  issn = {0953-8984},
  doi = {10.1088/0953-8984/10/37/002},
  urldate = {2024-03-26},
  langid = {english}
}
