@article{andersson2002ThermoCalc,
  title = {Thermo-{{Calc}} \& {{DICTRA}}, Computational Tools for Materials Science},
  author = {Andersson, J-O and Helander, Thomas and H{\"o}glund, Lars and Shi, Pingfang and Sundman, Bo},
  year = {2002},
  month = jun,
  journal = {Calphad},
  volume = {26},
  number = {2},
  pages = {273--312},
  issn = {0364-5916},
  doi = {10.1016/S0364-5916(02)00037-8},
  urldate = {2024-09-10}
}

@article{george2019Highentropya,
  title = {High-Entropy Alloys},
  author = {George, Easo P. and Raabe, Dierk and Ritchie, Robert O.},
  year = {2019},
  month = aug,
  journal = {Nat Rev Mater},
  volume = {4},
  number = {8},
  pages = {515--534},
  publisher = {Nature Publishing Group},
  issn = {2058-8437},
  doi = {10.1038/s41578-019-0121-4},
  urldate = {2024-04-12},
  copyright = {2019 This is a U.S. government work and not under copyright protection in the U.S.; foreign copyright protection may apply},
  langid = {english}
}

@article{jacobs2023Theory,
  title = {Theory and {{Simulation}} of {{Multiphase Coexistence}} in {{Biomolecular Mixtures}}},
  author = {Jacobs, William M.},
  year = {2023},
  month = jun,
  journal = {J. Chem. Theory Comput.},
  volume = {19},
  number = {12},
  pages = {3429--3445},
  publisher = {American Chemical Society},
  issn = {1549-9618},
  doi = {10.1021/acs.jctc.3c00198},
  urldate = {2023-11-15}
}

@article{kwon2024Equilipy,
  title = {Equilipy: A Python Package for Calculating Phase Equilibria},
  shorttitle = {Equilipy},
  author = {Kwon, Sun Yong and Thibodeau, Eric and Plotkowski, Alex and Yang, Ying},
  year = {2024},
  month = aug,
  journal = {Journal of Open Source Software},
  volume = {9},
  number = {100},
  pages = {6875},
  issn = {2475-9066},
  doi = {10.21105/joss.06875},
  urldate = {2024-10-14},
  langid = {english}
}

@inproceedings{lam2015Numba,
  title = {Numba: A {{LLVM-based Python JIT}} Compiler},
  shorttitle = {Numba},
  booktitle = {Proceedings of the {{Second Workshop}} on the {{LLVM Compiler Infrastructure}} in {{HPC}}},
  author = {Lam, Siu Kwan and Pitrou, Antoine and Seibert, Stanley},
  year = {2015},
  month = nov,
  pages = {1--6},
  publisher = {ACM},
  address = {Austin Texas},
  doi = {10.1145/2833157.2833162},
  urldate = {2024-08-12},
  isbn = {978-1-4503-4005-2},
  langid = {english}
}

@book{lukas2007Computational,
  title = {Computational Thermodynamics: The {{Calphad}} Method},
  shorttitle = {Computational Thermodynamics},
  author = {Lukas, Hans Leo and Fries, Suzana G. and Sundman, Bo},
  year = {2007},
  publisher = {Cambridge Univ. Press},
  address = {Cambridge},
  isbn = {978-0-521-86811-2},
  langid = {english}
}

@article{mao2019Phase,
  title = {Phase Behavior and Morphology of Multicomponent Liquid Mixtures},
  author = {Mao, Sheng and Kuldinow, Derek and Haataja, Mikko P. and Ko{\v s}mrlj, Andrej},
  year = {2019},
  month = feb,
  journal = {Soft Matter},
  volume = {15},
  number = {6},
  pages = {1297--1311},
  publisher = {The Royal Society of Chemistry},
  issn = {1744-6848},
  doi = {10.1039/C8SM02045K},
  urldate = {2023-06-21},
  langid = {english}
}

@article{mester2013Numerical,
  title = {Numerical Self-Consistent Field Theory of Multicomponent Polymer Blends in the {{Gibbs}} Ensemble},
  author = {Mester, Zoltan and A.~Lynd, Nathaniel and H.~Fredrickson, Glenn},
  year = {2013},
  journal = {Soft Matter},
  volume = {9},
  number = {47},
  pages = {11288--11294},
  publisher = {Royal Society of Chemistry},
  doi = {10.1039/C3SM51893K},
  urldate = {2024-03-01},
  langid = {english}
}

@article{otis2017Pycalphad,
  title = {Pycalphad: {{CALPHAD-based Computational Thermodynamics}} in {{Python}}},
  shorttitle = {Pycalphad},
  author = {Otis, Richard and Liu, Zi-Kui},
  year = {2017},
  month = jan,
  journal = {Journal of Open Research Software},
  volume = {5},
  number = {1},
  issn = {2049-9647},
  doi = {10.5334/jors.140},
  urldate = {2024-08-27},
  langid = {american}
}

@incollection{panagiotopoulos1995Gibbs,
  title = {Gibbs {{Ensemble Techniques}}},
  booktitle = {Observation, {{Prediction}} and {{Simulation}} of {{Phase Transitions}} in {{Complex Fluids}}},
  author = {Panagiotopoulos, Athanassios Z.},
  editor = {Baus, Marc and Rull, Luis F. and Ryckaert, Jean-Paul},
  year = {1995},
  series = {Nato {{Science Series C}}},
  pages = {463--501},
  publisher = {Springer Netherlands},
  address = {Dordrecht},
  doi = {10.1007/978-94-011-0065-6_11},
  urldate = {2024-03-01},
  isbn = {978-94-011-0065-6},
  langid = {english}
}

@article{pasquale2024CLEAVING,
  title = {{{CLEAVING}}: A {{LAMMPS}} Package to Compute Surface Free Energies},
  shorttitle = {{{CLEAVING}}},
  author = {Pasquale, Nicodemo Di and Davidchack, Ruslan and Rovigatti, Lorenzo},
  year = {2024},
  month = feb,
  journal = {Journal of Open Source Software},
  volume = {9},
  number = {94},
  pages = {5886},
  issn = {2475-9066},
  doi = {10.21105/joss.05886},
  urldate = {2024-10-14},
  langid = {english}
}

@misc{Polymera,
  title = {Polymer {{Property Predictor}} and {{Database}}},
  urldate = {2024-12-02},
  howpublished = {https://pppdb.uchicago.edu/}
}

@misc{qiang2024Scaling,
  title = {Scaling of Phase Count in Multicomponent Liquids},
  author = {Qiang, Yicheng and Luo, Chengjie and Zwicker, David},
  year = {2024},
  month = may,
  number = {arXiv:2405.01138},
  eprint = {2405.01138},
  primaryclass = {cond-mat, physics:physics},
  publisher = {arXiv},
  urldate = {2024-08-12},
  archiveprefix = {arXiv}
}

@article{schmid1998Selfconsistentfield,
  title = {Self-Consistent-Field Theories for Complex Fluids},
  author = {Schmid, F.},
  year = {1998},
  month = sep,
  journal = {J. Phys.: Condens. Matter},
  volume = {10},
  number = {37},
  pages = {8105},
  issn = {0953-8984},
  doi = {10.1088/0953-8984/10/37/002},
  urldate = {2024-03-26},
  langid = {english}
}

@article{shrinivas2021Phase,
  title = {Phase Separation in Fluids with Many Interacting Components},
  author = {Shrinivas, Krishna and Brenner, Michael P.},
  year = {2021},
  month = nov,
  journal = {Proc. Natl. Acad. Sci. U.S.A.},
  volume = {118},
  number = {45},
  pages = {e2108551118},
  publisher = {Proceedings of the National Academy of Sciences},
  doi = {10.1073/pnas.2108551118},
  urldate = {2023-06-21}
}

@article{sundman2015Implementation,
  title = {The Implementation of an Algorithm to Calculate Thermodynamic Equilibria for Multi-Component Systems with Non-Ideal Phases in a Free Software},
  author = {Sundman, Bo and Lu, Xiao-Gang and Ohtani, Hiroshi},
  year = {2015},
  month = apr,
  journal = {Computational Materials Science},
  volume = {101},
  pages = {127--137},
  issn = {0927-0256},
  doi = {10.1016/j.commatsci.2015.01.029},
  urldate = {2024-09-10}
}

@article{tse2022SurfinPy,
  title = {{{SurfinPy}} 2.0: {{A Phase Diagram Generator}} for {{Surfaces}} and {{Bulk Phases}}},
  shorttitle = {{{SurfinPy}} 2.0},
  author = {Tse, Joshua S. and Molinari, Marco and Parker, Stephen C. and Symington, Adam R.},
  year = {2022},
  month = mar,
  journal = {Journal of Open Source Software},
  volume = {7},
  number = {71},
  pages = {4014},
  issn = {2475-9066},
  doi = {10.21105/joss.04014},
  urldate = {2024-10-14},
  langid = {english}
}

@article{virtanen2020SciPy,
  title = {{{SciPy}} 1.0: Fundamental Algorithms for Scientific Computing in {{Python}}},
  shorttitle = {{{SciPy}} 1.0},
  author = {Virtanen, Pauli and Gommers, Ralf and Oliphant, Travis E. and Haberland, Matt and Reddy, Tyler and Cournapeau, David and Burovski, Evgeni and Peterson, Pearu and Weckesser, Warren and Bright, Jonathan and {van der Walt}, St{\'e}fan J. and Brett, Matthew and Wilson, Joshua and Millman, K. Jarrod and Mayorov, Nikolay and Nelson, Andrew R. J. and Jones, Eric and Kern, Robert and Larson, Eric and Carey, C. J. and Polat, {\.I}lhan and Feng, Yu and Moore, Eric W. and VanderPlas, Jake and Laxalde, Denis and Perktold, Josef and Cimrman, Robert and Henriksen, Ian and Quintero, E. A. and Harris, Charles R. and Archibald, Anne M. and Ribeiro, Ant{\^o}nio H. and Pedregosa, Fabian and {van Mulbregt}, Paul},
  year = {2020},
  month = mar,
  journal = {Nat Methods},
  volume = {17},
  number = {3},
  pages = {261--272},
  publisher = {Nature Publishing Group},
  issn = {1548-7105},
  doi = {10.1038/s41592-019-0686-2},
  urldate = {2024-10-15},
  copyright = {2020 The Author(s)},
  langid = {english}
}

@article{zwicker2022Evolved,
  title = {Evolved Interactions Stabilize Many Coexisting Phases in Multicomponent Liquids},
  author = {Zwicker, David and Laan, Liedewij},
  year = {2022},
  month = jul,
  journal = {Proc. Natl. Acad. Sci. U.S.A.},
  volume = {119},
  number = {28},
  pages = {e2201250119},
  publisher = {Proceedings of the National Academy of Sciences},
  doi = {10.1073/pnas.2201250119},
  urldate = {2023-06-21}
}
